% BibTeX database for the MSc_Thesis.tex

%%%%%%%%%%%%%%%%%%%%%%%%%%%%%%%%%%%%%%%%%%%%%%%%%%%%%%%%%%
% TEMPLATES
%%%%%%%%%%%%%%%%%%%%%%%%%%%%%%%%%%%%%%%%%%%%%%%%%%%%%%%%%%

%%%%% An article from a journal or magazine.
%
%article{
%  % Required fields:
%  author  = {},
%  title   = {},
%  journal = {},
%  year    = {},
%  % Optional fields:
%  volume  = {},
%  number  = {},
%  pages   = {},
%  month   = {},
%  note    = {}
%}
%
%%%%% A book with an explicit publisher.
%
%book{
%  % Required fields:
%  author    = {}, % or editor
%  editor    = {},
%  title     = {},
%  publisher = {},
%  year      = {},
%  % Optional fields:
%  volume    = {},
%  number    = {},
%  series    = {},
%  address   = {},
%  edition   = {},
%  month     = {},
%  note      = {}
%}
%
%%%%% A work that is printed and bound, but without a named publisher or sponsoring institution.
%
%booklet{
%  % Required field:
%  title        = {},
%  % Optional fields:
%  author       = {},
%  howpublished = {},
%  address      = {},
%  month        = {},
%  year         = {},
%  note         = {}
%}
%
%%%%% The same as INPROCEEDINGS}, included for Scribe compatibility.
%
%conference{
%}
%
%%%%% A part of a book, which may be a chapter (or section or whatever) and/or a range of pages.
%
%inbook{
%  % Required fields:
%  author    = {}, % or editor
%  editor    = {},
%  title     = {},
%  chapter   = {}, % and/or pages
%  pages     = {},
%  publisher = {},
%  year      = {},
%  % Optional fields:
%  volume    = {}, % or number
%  number    = {},
%  series    = {},
%  type      = {},
%  address   = {},
%  edition   = {},
%  month     = {},
%  note      = {}
%}
%
%%%%% A part of a book having its own title.
%
%incollection{
%  % Required fields:
%  author    = {},
%  title     = {},
%  booktitle = {},
%  publisher = {},
%  year      = {},
%  % Optional fields:
%  editor    = {},
%  volume    = {}, % or number
%  number    = {},
%  series    = {},
%  type      = {},
%  chapter   = {},
%  pages     = {},
%  address   = {},
%  edition   = {},
%  month     = {},
%  note      = {}
%}
%
%%%%% An article in a conference proceedings.
%
%inproceedings{
%  % Required fields:
%  author       = {},
%  title        = {},
%  booktitle    = {},
%  year         = {},
%  % Optional fields:
%  editor       = {},
%  volume       = {}, % or number
%  number       = {},
%  series       = {},
%  pages        = {},
%  address      = {},
%  month        = {},
%  organization = {},
%  publisher    = {},
%  note         = {}
%}
%
%%%%% Technical documentation.
%
%manual{
%  % Required field:
%  title        = {},
%  % Optional fields:
%  author       = {},
%  organization = {},
%  address      = {},
%  edition      = {},
%  month        = {},
%  year         = {},
%  note         = {}
%}
%
%%%%% A Master's thesis.
%
%mastersthesis{
%  % Required fields:
%  author  = {},
%  title   = {},
%  school  = {},
%  year    = {},
%  % Optional fields:
%  type    = {},
%  address = {},
%  month   = {},
%  note    = {}
%}
%
%%%%% Use this type when nothing else fits.
%
%misc{
%  % Required fields: none.
%  % Optional fields:
%  author       = {},
%  title        = {},
%  howpublished = {},
%  month        = {},
%  year         = {},
%  note         = {}
%}
%
%%%%% A PhD thesis.
%
%phdthesis{
%  % Required fields:
%  author  = {},
%  title   = {},
%  school  = {},
%  year    = {},
%  % Optional fields:
%  type    = {},
%  address = {},
%  month   = {},
%  note    = {}
%}
%
%%%%% The proceedings of a conference.
%
%proceedings{
%  % Required fields:
%  title        = {},
%  year         = {},
%  % Optional fields:
%  editor       = {},
%  volume       = {}, % or number
%  number       = {},
%  series       = {},
%  address      = {},
%  month        = {},
%  organization = {},
%  publisher    = {},
%  note         = {},
%}
%
%%%%% A report published by a school or other institution, usually numbered within a series.
%
%techreport{
%  % Required fields:
%  author      = {},
%  title       = {},
%  institution = {},
%  year        = {},
%  % Optional fields:
%  type        = {},
%  number      = {},
%  address     = {},
%  month       = {},
%  note        = {}
%}
%
%%%%% A document having an author and title, but not formally published.
%
%unpublished{
%  % Required fields:
%  author = {},
%  title  = {},
%  note   = {},
%  % Optional fields:
%  month  = {},
%  year   = {}
%}

%%%%%%%%%%%%%%%%%%%%%%%%%%%%%%%%%%%%%%%%%%%%%%%%%%%%%%%%%%
% References
%%%%%%%%%%%%%%%%%%%%%%%%%%%%%%%%%%%%%%%%%%%%%%%%%%%%%%%%%%
@inproceedings{SalamQCDnotes,
      author         = "Salam, Gavin P.",
      title          = "{Elements of QCD for hadron colliders}",
      booktitle      = "{High-energy physics. Proceedings, 17th European School,
                        ESHEP 2009, Bautzen, Germany, June 14-27, 2009}",
      url            = "http://inspirehep.net/record/880643/files/arXiv:1011.5131.pdf",
      year           = "2010",
      eprint         = "1011.5131",
      archivePrefix  = "arXiv",
      primaryClass   = "hep-ph",
      SLACcitation   = "%%CITATION = ARXIV:1011.5131;%%"
}

@misc{SalamJetTasi, 
author = {{Gavin Salam, Gregory Soyez}},
title = {Jets and jet substructure},
howpublished = "\url{https://physicslearning.colorado.edu/tasi/tasi_2013/tasi_2013.htm}",
year = {2013}, 
note = "Accessed 2017/12/07. Series of 3 lectures by Gavin Salam in TASI summer school.",
}	

@article{jetsub,
	author="G. Aad et al",
	title="Performance of jet substructure techniques for large-R jets in proton-proton collisions at $\sqrt{s}=7$ TeV using the ATLAS detector",
	journal="Journal of High Energy Physics",
	year="2013",
	month="Sep",
	day="13",
	volume="2013",
	number="9",
	doi="10.1007/JHEP09(2013)076",
	url="https://doi.org/10.1007/JHEP09(2013)076"
}

@article{boosted,
      author         = "Aad, Georges and others",
      title          = "{Identification of boosted, hadronically decaying W
                        bosons and comparisons with ATLAS data taken at $\sqrt{s}
                        = 8$ TeV}",
      collaboration  = "ATLAS",
      journal        = "Eur. Phys. J.",
      volume         = "C76",
      year           = "2016",
      number         = "3",
      pages          = "154",
      doi            = "10.1140/epjc/s10052-016-3978-z",
      eprint         = "1510.05821",
      archivePrefix  = "arXiv",
      primaryClass   = "hep-ex",
      reportNumber   = "CERN-PH-EP-2015-204",
      SLACcitation   = "%%CITATION = ARXIV:1510.05821;%%"
}

@article{h2bb,
      author         = "Aaboud, Morad and others",
      title          = "{Evidence for the $H \to b\bar{b}$ decay with the ATLAS
                        detector}",
      collaboration  = "ATLAS",
      year           = "2017",
      eprint         = "1708.03299",
      archivePrefix  = "arXiv",
      primaryClass   = "hep-ex",
      reportNumber   = "CERN-EP-2017-175",
      SLACcitation   = "%%CITATION = ARXIV:1708.03299;%%"
}

@article{VhCP,
      author         = "Godbole, Rohini M. and Miller, David J. and Mohan,
                        Kirtimaan A. and White, Christopher D.",
      title          = "{Jet substructure and probes of CP violation in Vh
                        production}",
      journal        = "JHEP",
      volume         = "04",
      year           = "2015",
      pages          = "103",
      doi            = "10.1007/JHEP04(2015)103",
      eprint         = "1409.5449",
      archivePrefix  = "arXiv",
      primaryClass   = "hep-ph",
      SLACcitation   = "%%CITATION = ARXIV:1409.5449;%%"
}

@misc{romaoSM, 
author = "Jorge Crispim Rom{\~{a}}o",
title = {O Modelo Standard das Intera{\c{c}}{\~{o}}es Eletrofracas},
howpublished = "\url{http://porthos.ist.utl.pt/ftp/textos/fie.pdf}",
year = {2013}, 
note = "Accessed 2018/01/11. Notes by Professor Jorge Rom{\~{a}}o",
}

@article{higgsDiscoveryATLAS,
      author         = "Aad, Georges and others",
      title          = "{Observation of a new particle in the search for the
                        Standard Model Higgs boson with the ATLAS detector at the
                        LHC}",
      collaboration  = "ATLAS",
      journal        = "Phys. Lett.",
      volume         = "B716",
      year           = "2012",
      pages          = "1-29",
      doi            = "10.1016/j.physletb.2012.08.020",
      eprint         = "1207.7214",
      archivePrefix  = "arXiv",
      primaryClass   = "hep-ex",
      reportNumber   = "CERN-PH-EP-2012-218",
      SLACcitation   = "%%CITATION = ARXIV:1207.7214;%%"
}



@article{higgsDiscoveryCMS,
      author         = "Chatrchyan, Serguei and others",
      title          = "{Observation of a new boson at a mass of 125 GeV with the
                        CMS experiment at the LHC}",
      collaboration  = "CMS",
      journal        = "Phys. Lett.",
      volume         = "B716",
      year           = "2012",
      pages          = "30-61",
      doi            = "10.1016/j.physletb.2012.08.021",
      eprint         = "1207.7235",
      archivePrefix  = "arXiv",
      primaryClass   = "hep-ex",
      reportNumber   = "CMS-HIG-12-028, CERN-PH-EP-2012-220",
      SLACcitation   = "%%CITATION = ARXIV:1207.7235;%%"
}

@misc{higgsBR, 
author = {M. Mangano},
title = {The Physics Landscape of the High Luminosity LHC},
howpublished = "\url{http://cds.cern.ch/record/2130740/files/The Physics Landscape of the High Luminosity LHC.pdf?subformat=pdfa&version=1}",
year = {2015}, 
note = "Accessed 2018/01/11",
}

@article{higgsBR2,
      author         = "Denner, A. and Heinemeyer, S. and Puljak, I. and Rebuzzi,
                        D. and Spira, M.",
      title          = "{Standard Model Higgs-Boson Branching Ratios with
                        Uncertainties}",
      journal        = "Eur. Phys. J.",
      volume         = "C71",
      year           = "2011",
      pages          = "1753",
      doi            = "10.1140/epjc/s10052-011-1753-8",
      eprint         = "1107.5909",
      archivePrefix  = "arXiv",
      primaryClass   = "hep-ph",
      SLACcitation   = "%%CITATION = ARXIV:1107.5909;%%"
}

@article{HL_LHC,
      author         = "Koffas, Thomas",
      title          = "{ATLAS Higgs physics prospects at the high luminosity
                        LHC}",
      booktitle      = "{Proceedings, 38th International Conference on High
                        Energy Physics (ICHEP 2016): Chicago, IL, USA, August
                        3-10, 2016}",
      collaboration  = "ATLAS",
      journal        = "PoS",
      volume         = "ICHEP2016",
      year           = "2017",
      pages          = "426",
      reportNumber   = "ATL-PHYS-PROC-2016-268",
      SLACcitation   = "%%CITATION = POSCI,ICHEP2016,426;%%"
}

@misc{SSB, 
author = "Frank Wilczek",
title = {Spontaneous Symmetry Breaking: General},
howpublished = "\url{http://web.mit.edu/8.701/www/Lecture Notes/8.701spontaneousSymmetryBreaking-GeneralFA13.pdf}",
year = {2013}, 
note = "Accessed 2018-01-11",
}

@misc{FCC, 
author = {{A. Ball, M. Benedikt, 
L. Bottura, O. Dominguez, 
F. Gianotti, B. Goddard, 
P. Lebrun, M. Mangano, 
D. Schulte, E. Shaposhnikova, 
R. Tomas, F. Zimmermann }},
title = {The Future Circular Collider},
howpublished = "\url{https://home.cern/about/accelerators/future-circular-collider}",
year = {2014}, 
note = "Accessed 2017-12-26",
}

@article{hhFeasibility,
      author         = "Behr, J. Katharina and Bortoletto, Daniela and Frost,
                        James A. and Hartland, Nathan P. and Issever, Cigdem and
                        Rojo, Juan",
      title          = "{Boosting Higgs pair production in the $b\bar{b}b\bar{b}$
                        final state with multivariate techniques}",
      journal        = "Eur. Phys. J.",
      volume         = "C76",
      year           = "2016",
      number         = "7",
      pages          = "386",
      doi            = "10.1140/epjc/s10052-016-4215-5",
      eprint         = "1512.08928",
      archivePrefix  = "arXiv",
      primaryClass   = "hep-ph",
      reportNumber   = "OUTP-15-14P",
      SLACcitation   = "%%CITATION = ARXIV:1512.08928;%%"
}

@article{hh2bbbbCMS,
      author         = "Sirunyan, Albert M and others",
      title          = "{Search for a massive resonance decaying to a pair of
                        Higgs bosons in the four b quark final state in
                        proton-proton collisions at $\sqrt{s}=$ 13 TeV}",
      collaboration  = "CMS",
      year           = "2017",
      eprint         = "1710.04960",
      archivePrefix  = "arXiv",
      primaryClass   = "hep-ex",
      reportNumber   = "CMS-B2G-16-026, CERN-EP-2017-238",
      SLACcitation   = "%%CITATION = ARXIV:1710.04960;%%"
}

@article{hh2bbbbATLAS,
      author         = "Aaboud, Morad and others",
      title          = "{Search for pair production of Higgs bosons in the
                        $b\bar{b}b\bar{b}$ final state using proton--proton
                        collisions at $\sqrt{s} = 13$ TeV with the ATLAS
                        detector}",
      collaboration  = "ATLAS",
      journal        = "Phys. Rev.",
      volume         = "D94",
      year           = "2016",
      number         = "5",
      pages          = "052002",
      doi            = "10.1103/PhysRevD.94.052002",
      eprint         = "1606.04782",
      archivePrefix  = "arXiv",
      primaryClass   = "hep-ex",
      reportNumber   = "CERN-EP-2016-142",
      SLACcitation   = "%%CITATION = ARXIV:1606.04782;%%"
}

@article{hhATLAS,
      author         = "Aad, Georges and others",
      title          = "{Searches for Higgs boson pair production in the $hh\to
                        bb\tau\tau, \gamma\gamma WW^*, \gamma\gamma bb, bbbb$
                        channels with the ATLAS detector}",
      collaboration  = "ATLAS",
      journal        = "Phys. Rev.",
      volume         = "D92",
      year           = "2015",
      pages          = "092004",
      doi            = "10.1103/PhysRevD.92.092004",
      eprint         = "1509.04670",
      archivePrefix  = "arXiv",
      primaryClass   = "hep-ex",
      reportNumber   = "CERN-PH-EP-2015-225",
      SLACcitation   = "%%CITATION = ARXIV:1509.04670;%%"
}

@article{hhbbAA_CMS,
      author         = "Khachatryan, Vardan and others",
      title          = "{Search for two Higgs bosons in final states containing
                        two photons and two bottom quarks in proton-proton
                        collisions at 8 TeV}",
      collaboration  = "CMS",
      journal        = "Phys. Rev.",
      volume         = "D94",
      year           = "2016",
      number         = "5",
      pages          = "052012",
      doi            = "10.1103/PhysRevD.94.052012",
      eprint         = "1603.06896",
      archivePrefix  = "arXiv",
      primaryClass   = "hep-ex",
      reportNumber   = "CMS-HIG-13-032, CERN-EP-2016-050",
      SLACcitation   = "%%CITATION = ARXIV:1603.06896;%%"
}

@article{hhbbll_CMS,
      author         = "Sirunyan, Albert M and others",
      title          = "{Search for resonant and nonresonant Higgs boson pair
                        production in the bblnulnu final state in proton-proton
                        collisions at $\sqrt{s} = 13$ TeV}",
      collaboration  = "CMS",
      year           = "2017",
      eprint         = "1708.04188",
      archivePrefix  = "arXiv",
      primaryClass   = "hep-ex",
      reportNumber   = "CMS-HIG-17-006, CERN-EP-2017-168",
      SLACcitation   = "%%CITATION = ARXIV:1708.04188;%%"
}

@article{hhbbtautau_CMS,
      author         = "Sirunyan, Albert M and others",
      title          = "{Search for Higgs boson pair production in events with
                        two bottom quarks and two tau leptons in proton-proton
                        collisions at $\sqrt{s} = 13$ TeV}",
      collaboration  = "CMS",
      year           = "2017",
      eprint         = "1707.02909",
      archivePrefix  = "arXiv",
      primaryClass   = "hep-ex",
      reportNumber   = "CMS-HIG-17-002, CERN-EP-2017-126",
      SLACcitation   = "%%CITATION = ARXIV:1707.02909;%%"
}

@inproceedings{MVA92,
      author         = "Peterson, Carsten",
      title          = "{Neural networks in high-energy physics}",
      booktitle      = "{6th International Conference on Computing in High-Energy
                        and Nuclear Physics (CHEP 1992) Annecy, France, Sept
                        21-25, 1992}",
      url            = "http://lss.fnal.gov/archive/other/lu-tp-92-23.pdf",
      year           = "1992",
      reportNumber   = "LU-TP-92-23",
      SLACcitation   = "%%CITATION = LU-TP-92-23;%%"
}

@article{FCC,
      author         = "A. Ball, M. Benedikt, L. Bottura, O. Dominguez, F. Gianotti, B. Goddard, P. Lebrun, M. Mangano, D. Schulte, E. Shaposhnikova, R. Thomas, F. Zimmermann",
      title          = "{Future Circular Collider Study, Hadron Collider Parameters}",
      year           = "2014"
}

@article{Goldstone,
      author         = "Goldstone, J.",
      title          = "{Field Theories with Superconductor Solutions}",
      journal        = "Nuovo Cim.",
      volume         = "19",
      year           = "1961",
      pages          = "154-164",
      doi            = "10.1007/BF02812722",
      SLACcitation   = "%%CITATION = NUCIA,19,154;%%"
}

@ARTICLE{DM,
   author = {{van de Hulst}, H.~C. and {Raimond}, E. and {van Woerden}, H.
	},
    title = "{Rotation and density distribution of the Andromeda nebula derived from observations of the 21-cm line}",
     year = 1957,
    month = nov,
   volume = 14,
    pages = {1},
   adsurl = {http://adsabs.harvard.edu/abs/1957BAN....14....1V},
  adsnote = {Provided by the SAO/NASA Astrophysics Data System}
}

@article{DM1,
      author         = "Corbelli, Edvige and Salucci, Paolo",
      title          = "{The Extended Rotation Curve and the Dark Matter Halo of
                        M33}",
      journal        = "Mon. Not. Roy. Astron. Soc.",
      volume         = "311",
      year           = "2000",
      pages          = "441-447",
      doi            = "10.1046/j.1365-8711.2000.03075.x",
      eprint         = "astro-ph/9909252",
      archivePrefix  = "arXiv",
      primaryClass   = "astro-ph",
      SLACcitation   = "%%CITATION = ASTRO-PH/9909252;%%"
}

@article{DM2,
      author         = "Rubin, V. C. and Thonnard, N. and Ford, Jr., W. K.",
      title          = "{Rotational properties of 21 SC galaxies with a large
                        range of luminosities and radii, from NGC 4605 /R = 4kpc/
                        to UGC 2885 /R = 122 kpc/}",
      journal        = "Astrophys. J.",
      volume         = "238",
      year           = "1980",
      pages          = "471",
      doi            = "10.1086/158003",
      SLACcitation   = "%%CITATION = ASJOA,238,471;%%"
}

@article{higgsCrossSection,
      author         = "Baglio, J. and Djouadi, A. and Gröber, R. and
                        Mühlleitner, M. M. and Quevillon, J. and Spira, M.",
      title          = "{The measurement of the Higgs self-coupling at the LHC:
                        theoretical status}",
      journal        = "JHEP",
      volume         = "04",
      year           = "2013",
      pages          = "151",
      doi            = "10.1007/JHEP04(2013)151",
      eprint         = "1212.5581",
      archivePrefix  = "arXiv",
      primaryClass   = "hep-ph",
      reportNumber   = "KA-TP-44-2012, SFB-CPP-12-102, LPT-ORSAY-12-124,
                        PSI-PR-12-10",
      SLACcitation   = "%%CITATION = ARXIV:1212.5581;%%"
}

@misc{High-Luminosity, 
author = {CERN},
title = {The High-Luminosity LHC},
howpublished = "\url{http://cds.cern.ch/record/2114693}",
year = {2015}, 
note = "Accessed 2018/01/11",
}

@misc{FCC1, 
author = "Harriet Kim Jarlett",
title = {The Future Circular Collider},
howpublished = "\url{http://cds.cern.ch/record/2138983}",
year = {2016}, 
note = "Accessed 2018/01/11",
}

@article{Prospects100TeV,
      author         = "Contino, R. and others",
      title          = "{Physics at a 100 TeV pp collider: Higgs and EW symmetry
                        breaking studies}",
      journal        = "CERN Yellow Report",
      year           = "2017",
      number         = "3",
      pages          = "255-440",
      doi            = "10.23731/CYRM-2017-003.255",
      eprint         = "1606.09408",
      archivePrefix  = "arXiv",
      primaryClass   = "hep-ph",
      reportNumber   = "CERN-TH-2016-113",
      SLACcitation   = "%%CITATION = ARXIV:1606.09408;%%"
}

@article{jets1,
      author         = "Hanson, G. and others",
      title          = "{Hadron Production by $e^+ e^-$ Annihilation at
                        Center-of-mass Energies Between 2.6-{GeV} and 7.8-{GeV}.
                        Part 2. Jet Structure and Related Inclusive
                        Distributions}",
      journal        = "Phys. Rev.",
      volume         = "D26",
      year           = "1982",
      pages          = "991",
      doi            = "10.1103/PhysRevD.26.991",
      reportNumber   = "SLAC-PUB-2855, LBL-13887",
      SLACcitation   = "%%CITATION = PHRVA,D26,991;%%"
}

@article{jetsubLHC,
      author         = "Altheimer, A. and others",
      title          = "{Boosted objects and jet substructure at the LHC. Report
                        of BOOST2012, held at IFIC Valencia, 23rd-27th of July
                        2012}",
      booktitle      = "{BOOST 2012 Valencia, Spain, July 23-27, 2012}",
      journal        = "Eur. Phys. J.",
      volume         = "C74",
      year           = "2014",
      number         = "3",
      pages          = "2792",
      doi            = "10.1140/epjc/s10052-014-2792-8",
      eprint         = "1311.2708",
      archivePrefix  = "arXiv",
      primaryClass   = "hep-ex",
      reportNumber   = "FERMILAB-PUB-13-669",
      SLACcitation   = "%%CITATION = ARXIV:1311.2708;%%"
}

@article{anti-kt,
      author         = "Cacciari, Matteo and Salam, Gavin P. and Soyez, Gregory",
      title          = "{The Anti-k(t) jet clustering algorithm}",
      journal        = "JHEP",
      volume         = "04",
      year           = "2008",
      pages          = "063",
      doi            = "10.1088/1126-6708/2008/04/063",
      eprint         = "0802.1189",
      archivePrefix  = "arXiv",
      primaryClass   = "hep-ph",
      reportNumber   = "LPTHE-07-03",
      SLACcitation   = "%%CITATION = ARXIV:0802.1189;%%"
}

@article{kt,
      author         = "Ellis, Stephen D. and Soper, Davison E.",
      title          = "{Successive combination jet algorithm for hadron
                        collisions}",
      journal        = "Phys. Rev.",
      volume         = "D48",
      year           = "1993",
      pages          = "3160-3166",
      doi            = "10.1103/PhysRevD.48.3160",
      eprint         = "hep-ph/9305266",
      archivePrefix  = "arXiv",
      primaryClass   = "hep-ph",
      reportNumber   = "CERN-TH-6860-93",
      SLACcitation   = "%%CITATION = HEP-PH/9305266;%%"
}

@inproceedings{CA,
      author         = "Wobisch, M. and Wengler, T.",
      title          = "{Hadronization corrections to jet cross-sections in deep
                        inelastic scattering}",
      booktitle      = "{Monte Carlo generators for HERA physics. Proceedings,
                        Workshop, Hamburg, Germany, 1998-1999}",
      url            = "https://inspirehep.net/record/484872/files/arXiv:hep-ph_9907280.pdf",
      year           = "1998",
      pages          = "270-279",
      eprint         = "hep-ph/9907280",
      archivePrefix  = "arXiv",
      primaryClass   = "hep-ph",
      reportNumber   = "PITHA-99-16",
      SLACcitation   = "%%CITATION = HEP-PH/9907280;%%"
}

@article{MG5,
      author         = "Alwall, Johan and Herquet, Michel and Maltoni, Fabio and
                        Mattelaer, Olivier and Stelzer, Tim",
      title          = "MadGraph 5 : Going Beyond}",
      journal        = "JHEP",
      volume         = "06",
      year           = "2011",
      pages          = "128",
      doi            = "10.1007/JHEP06(2011)128",
      eprint         = "1106.0522",
      archivePrefix  = "arXiv",
      primaryClass   = "hep-ph",
      reportNumber   = "FERMILAB-PUB-11-448-T",
      SLACcitation   = "%%CITATION = ARXIV:1106.0522;%%"
}

@article{Sherpa,
      author         = "Gleisberg, T. and Hoeche, Stefan. and Krauss, F. and
                        Schonherr, M. and Schumann, S. and Siegert, F. and Winter,
                        J.",
      title          = "{Event generation with SHERPA 1.1}",
      journal        = "JHEP",
      volume         = "02",
      year           = "2009",
      pages          = "007",
      doi            = "10.1088/1126-6708/2009/02/007",
      eprint         = "0811.4622",
      archivePrefix  = "arXiv",
      primaryClass   = "hep-ph",
      reportNumber   = "FERMILAB-PUB-08-477-T, SLAC-PUB-13420, ZU-TH-17-08,
                        DCPT-08-138, IPPP-08-69, EDINBURGH-2008-30, MCNET-08-14",
      SLACcitation   = "%%CITATION = ARXIV:0811.4622;%%"
}

@article{Whizard,
      author         = "Reuter, J. and Bach, F. and Chokoufe, B. and Kilian, W.
                        and Ohl, T. and Sekulla, M. and Weiss, C.",
      title          = "{Modern Particle Physics Event Generation with WHIZARD}",
      booktitle      = "{Proceedings, 16th International workshop on Advanced
                        Computing and Analysis Techniques in physics (ACAT 14):
                        Prague, Czech Republic, September 1-5, 2014}",
      journal        = "J. Phys. Conf. Ser.",
      volume         = "608",
      year           = "2015",
      number         = "1",
      pages          = "012063",
      doi            = "10.1088/1742-6596/608/1/012063",
      eprint         = "1410.4505",
      archivePrefix  = "arXiv",
      primaryClass   = "hep-ph",
      reportNumber   = "DESY-14-189, SI-HEP-2014-26",
      SLACcitation   = "%%CITATION = ARXIV:1410.4505;%%"
}

@article{Pythia8,
      author         = "Sjostrand, Torbjorn and Mrenna, Stephen and Skands, Peter
                        Z.",
      title          = "{A Brief Introduction to PYTHIA 8.1}",
      journal        = "Comput. Phys. Commun.",
      volume         = "178",
      year           = "2008",
      pages          = "852-867",
      doi            = "10.1016/j.cpc.2008.01.036",
      eprint         = "0710.3820",
      archivePrefix  = "arXiv",
      primaryClass   = "hep-ph",
      reportNumber   = "CERN-LCGAPP-2007-04, LU-TP-07-28,
                        FERMILAB-PUB-07-512-CD-T",
      SLACcitation   = "%%CITATION = ARXIV:0710.3820;%%"
}

@article{Powheg,
      author         = "Oleari, Carlo",
      title          = "{The POWHEG-BOX}",
      booktitle      = "{Proceedings,  10th DESY Workshop on Elementary Particle
                        Theory: Loops and Legs in Quantum Field Theory: Woerlitz,
                        Germany, April 25-30, 2010}",
      journal        = "Nucl. Phys. Proc. Suppl.",
      volume         = "205-206",
      year           = "2010",
      pages          = "36-41",
      doi            = "10.1016/j.nuclphysbps.2010.08.016",
      eprint         = "1007.3893",
      archivePrefix  = "arXiv",
      primaryClass   = "hep-ph",
      SLACcitation   = "%%CITATION = ARXIV:1007.3893;%%"
}

@article{Geant4,
      author         = "Agostinelli, S. and others",
      title          = "{GEANT4: A Simulation toolkit}",
      collaboration  = "GEANT4",
      journal        = "Nucl. Instrum. Meth.",
      volume         = "A506",
      year           = "2003",
      pages          = "250-303",
      doi            = "10.1016/S0168-9002(03)01368-8",
      reportNumber   = "SLAC-PUB-9350, FERMILAB-PUB-03-339",
      SLACcitation   = "%%CITATION = NUIMA,A506,250;%%"
}

@online{FCCstudy,
  author = {CERN},
  title = {Future Circular Collider Study},
  year = 2016,
  url = {https://fcc.web.cern.ch/Pages/default.aspx},
  urldate = {2018-01-12}
}

@article{Delphes,
      author         = "de Favereau, J. and Delaere, C. and Demin, P. and
                        Giammanco, A. and Lemaître, V. and Mertens, A. and
                        Selvaggi, M.",
      title          = "{DELPHES 3, A modular framework for fast simulation of a
                        generic collider experiment}",
      collaboration  = "DELPHES 3",
      journal        = "JHEP",
      volume         = "02",
      year           = "2014",
      pages          = "057",
      doi            = "10.1007/JHEP02(2014)057",
      eprint         = "1307.6346",
      archivePrefix  = "arXiv",
      primaryClass   = "hep-ex",
      SLACcitation   = "%%CITATION = ARXIV:1307.6346;%%"
}

@article{Podio,
  author={F Gaede and B Hegner and P Mato},
  title={PODIO: An Event-Data-Model Toolkit for High Energy Physics Experiments},
  journal={Journal of Physics: Conference Series},
  volume={898},
  number={7},
  pages={072039},
  url={http://stacks.iop.org/1742-6596/898/i=7/a=072039},
  year={2017},

}

@article{4j,
      author         = "Aad, Georges and others",
      title          = "{Measurement of four-jet differential cross sections in
                        $\sqrt{s}=8$ TeV proton-proton collisions using the ATLAS
                        detector}",
      collaboration  = "ATLAS",
      journal        = "JHEP",
      volume         = "12",
      year           = "2015",
      pages          = "105",
      doi            = "10.1007/JHEP12(2015)105",
      eprint         = "1509.07335",
      archivePrefix  = "arXiv",
      primaryClass   = "hep-ex",
      reportNumber   = "CERN-PH-EP-2015-181",
      SLACcitation   = "%%CITATION = ARXIV:1509.07335;%%"
}

@article{ATLAS_letter,
      author         = "CERN",
      title          = "{ATLAS: Letter of intent for a general purpose p p
                        experiment at the large hadron collider at CERN}",
      year           = "1992",
      reportNumber   = "CERN-LHCC-92-04, CERN-LHCC-I-2",
      SLACcitation   = "%%CITATION = CERN-LHCC-92-04;%%"
}

@article{BSM_motivation,
      author         = "Gripaios, Ben",
      title          = "{Lectures on Physics Beyond the Standard Model}",
      year           = "2015",
      eprint         = "1503.02636",
      archivePrefix  = "arXiv",
      primaryClass   = "hep-ph",
      SLACcitation   = "%%CITATION = ARXIV:1503.02636;%%"
}

@article{hhAAbb_ATLAS,
      author         = "Aad, Georges and others",
      title          = "{Search For Higgs Boson Pair Production in the
                        $\gamma\gamma b\bar{b}$ Final State using $pp$ Collision
                        Data at $\sqrt{s}=8$ TeV from the ATLAS Detector}",
      collaboration  = "ATLAS",
      journal        = "Phys. Rev. Lett.",
      volume         = "114",
      year           = "2015",
      number         = "8",
      pages          = "081802",
      doi            = "10.1103/PhysRevLett.114.081802",
      eprint         = "1406.5053",
      archivePrefix  = "arXiv",
      primaryClass   = "hep-ex",
      reportNumber   = "CERN-PH-EP-2014-113",
      SLACcitation   = "%%CITATION = ARXIV:1406.5053;%%"
}

@article{neutrinosSuperK,
      author         = "Fukuda, Y. and others",
      title          = "{Evidence for oscillation of atmospheric neutrinos}",
      collaboration  = "Super-Kamiokande",
      journal        = "Phys. Rev. Lett.",
      volume         = "81",
      year           = "1998",
      pages          = "1562-1567",
      doi            = "10.1103/PhysRevLett.81.1562",
      eprint         = "hep-ex/9807003",
      archivePrefix  = "arXiv",
      primaryClass   = "hep-ex",
      reportNumber   = "BU-98-17, ICRR-REPORT-422-98-18, UCI-98-8,
                        KEK-PREPRINT-98-95, LSU-HEPA-5-98, UMD-98-003, SBHEP-98-5,
                        TKU-PAP-98-06, TIT-HPE-98-09",
      SLACcitation   = "%%CITATION = HEP-EX/9807003;%%"
}

@article{neutrinosSNO1,
      author         = "Ahmad, Q. R. and others",
      title          = "{Measurement of the rate of $\nu_e+d \to p+p+e^-$
                        interactions produced by $^8B$ solar neutrinos at the
                        Sudbury Neutrino Observatory}",
      collaboration  = "SNO",
      journal        = "Phys. Rev. Lett.",
      volume         = "87",
      year           = "2001",
      pages          = "071301",
      doi            = "10.1103/PhysRevLett.87.071301",
      eprint         = "nucl-ex/0106015",
      archivePrefix  = "arXiv",
      primaryClass   = "nucl-ex",
      reportNumber   = "UPR-0240E",
      SLACcitation   = "%%CITATION = NUCL-EX/0106015;%%"
}

@article{neutrinosSNO2,
      author         = "Ahmad, Q. R. and others",
      title          = "{Direct evidence for neutrino flavor transformation from
                        neutral current interactions in the Sudbury Neutrino
                        Observatory}",
      collaboration  = "SNO",
      journal        = "Phys. Rev. Lett.",
      volume         = "89",
      year           = "2002",
      pages          = "011301",
      doi            = "10.1103/PhysRevLett.89.011301",
      eprint         = "nucl-ex/0204008",
      archivePrefix  = "arXiv",
      primaryClass   = "nucl-ex",
      SLACcitation   = "%%CITATION = NUCL-EX/0204008;%%"
}

@techreport{TileCalTech,
      author        = "Henriques Correia, Ana Maria",
      title         = "{The ATLAS Tile Calorimeter}",
      institution   = "CERN",
      collaboration = "for the ATLAS collaboration",
      address       = "Geneva",
      number        = "ATL-TILECAL-PROC-2015-002",
      month         = "Mar",
      year          = "2015",
      reportNumber  = "ATL-TILECAL-PROC-2015-002",
      url           = "https://cds.cern.ch/record/2004868",
}

@article{HHcalc_top,
      author         = "Borowka, S. and Greiner, N. and Heinrich, G. and Jones,
                        S. P. and Kerner, M. and Schlenk, J. and Schubert, U.
                        and Zirke, T.",
      title          = "{Higgs Boson Pair Production in Gluon Fusion at
                        Next-to-Leading Order with Full Top-Quark Mass
                        Dependence}",
      journal        = "Phys. Rev. Lett.",
      volume         = "117",
      year           = "2016",
      number         = "1",
      pages          = "012001",
      doi            = "10.1103/PhysRevLett.117.079901,
                        10.1103/PhysRevLett.117.012001",
      note           = "[Erratum: Phys. Rev. Lett.117,no.7,079901(2016)]",
      eprint         = "1604.06447",
      archivePrefix  = "arXiv",
      primaryClass   = "hep-ph",
      reportNumber   = "MPP-2016-80, NSF-KITP-16-040, ZH-TH-14-16",
      SLACcitation   = "%%CITATION = ARXIV:1604.06447;%%"
}

@article{HHxs_LO,
      author         = "Plehn, T. and Spira, M. and Zerwas, P. M.",
      title          = "{Pair production of neutral Higgs particles in
                        gluon-gluon collisions}",
      journal        = "Nucl. Phys.",
      volume         = "B479",
      year           = "1996",
      pages          = "46-64",
      doi            = "10.1016/0550-3213(96)00418-X,
                        10.1016/S0550-3213(98)00406-4",
      note           = "[Erratum: Nucl. Phys.B531,655(1998)]",
      eprint         = "hep-ph/9603205",
      archivePrefix  = "arXiv",
      primaryClass   = "hep-ph",
      reportNumber   = "DESY-95-215",
      SLACcitation   = "%%CITATION = HEP-PH/9603205;%%"
}

@article{HHxs_LO1,
      author         = "Borowka, S. and Greiner, N. and Heinrich, G. and Jones,
                        S. P. and Kerner, M. and Schlenk, J. and Zirke, T.",
      title          = "{Full top quark mass dependence in Higgs boson pair
                        production at NLO}",
      journal        = "JHEP",
      volume         = "10",
      year           = "2016",
      pages          = "107",
      doi            = "10.1007/JHEP10(2016)107",
      eprint         = "1608.04798",
      archivePrefix  = "arXiv",
      primaryClass   = "hep-ph",
      reportNumber   = "MPP-2016-261, ZU-TH-31-16",
      SLACcitation   = "%%CITATION = ARXIV:1608.04798;%%"
}

@article{FCCphys,
      author         = "Arkani-Hamed, Nima and Han, Tao and Mangano, Michelangelo
                        and Wang, Lian-Tao",
      title          = "{Physics opportunities of a 100 TeV proton–proton
                        collider}",
      journal        = "Phys. Rept.",
      volume         = "652",
      year           = "2016",
      pages          = "1-49",
      doi            = "10.1016/j.physrep.2016.07.004",
      eprint         = "1511.06495",
      archivePrefix  = "arXiv",
      primaryClass   = "hep-ph",
      reportNumber   = "PITT-PACC-1515, CERN-PH-TH-2015-259",
      SLACcitation   = "%%CITATION = ARXIV:1511.06495;%%"
}

@article{FCClumi,
      author         = "Hinchliffe, Ian and Kotwal, Ashutosh and Mangano,
                        Michelangelo L. and Quigg, Chris and Wang, Lian-Tao",
      title          = "{Luminosity goals for a 100-TeV pp collider}",
      journal        = "Int. J. Mod. Phys.",
      volume         = "A30",
      year           = "2015",
      number         = "23",
      pages          = "1544002",
      doi            = "10.1142/S0217751X15440029",
      eprint         = "1504.06108",
      archivePrefix  = "arXiv",
      primaryClass   = "hep-ph",
      reportNumber   = "CERN-PH-TH-2015-089, FERMILAB-CONF-15-125-E-T,
                        LBNL-176221",
      SLACcitation   = "%%CITATION = ARXIV:1504.06108;%%"
}

@article{GhostAssociation,
      author         = "Cacciari, Matteo and Salam, Gavin P. and Soyez, Gregory",
      title          = "{The Catchment Area of Jets}",
      journal        = "JHEP",
      volume         = "04",
      year           = "2008",
      pages          = "005",
      doi            = "10.1088/1126-6708/2008/04/005",
      eprint         = "0802.1188",
      archivePrefix  = "arXiv",
      primaryClass   = "hep-ph",
      reportNumber   = "LPTHE-07-02",
      SLACcitation   = "%%CITATION = ARXIV:0802.1188;%%"
}

@article{hh+jet_100TeV,
      author         = "Banerjee, Shankha and Englert, Christoph and Mangano,
                        Michelangelo L. and Selvaggi, Michele and Spannowsky,
                        Michael",
      title          = "{$hh+\text{jet}$ production at 100 TeV}",
      journal        = "Eur. Phys. J.",
      volume         = "C78",
      year           = "2018",
      number         = "4",
      pages          = "322",
      doi            = "10.1140/epjc/s10052-018-5788-y",
      eprint         = "1802.01607",
      archivePrefix  = "arXiv",
      primaryClass   = "hep-ph",
      reportNumber   = "IPPP/18/10, LAPTH-034/18, CERN-TH-2018-023, IPPP-18-10,
                        LAPTH-034-18, LAPTH-003-18",
      SLACcitation   = "%%CITATION = ARXIV:1802.01607;%%"
}

@article{hhFeasibility1_100TeV,
      author         = "Hartland, Nathan P.",
      title          = "{Double Higgs production from $HH\to(b\bar{b})(b\bar{b})$
                        at a 100 TeV hadron collider}",
      booktitle      = "{Proceedings, 24th International Workshop on
                        Deep-Inelastic Scattering and Related Subjects (DIS 2016):
                        Hamburg, Germany, April 11-15, 2016}",
      journal        = "PoS",
      volume         = "DIS2016",
      year           = "2016",
      pages          = "115",
      eprint         = "1609.00254",
      archivePrefix  = "arXiv",
      primaryClass   = "hep-ph",
      SLACcitation   = "%%CITATION = ARXIV:1609.00254;%%"
}

@article{hhFeasibility_LHC,
      author         = "Wardrope, David and Jansen, Eric and Konstantinidis,
                        Nikos and Cooper, Ben and Falla, Rebecca and
                        Norjoharuddeen, Nurfikri",
      title          = "{Non-resonant Higgs-pair production in the
                        $b\overline{b}$ $b\overline{b}$ final state at the LHC}",
      journal        = "Eur. Phys. J.",
      volume         = "C75",
      year           = "2015",
      number         = "5",
      pages          = "219",
      doi            = "10.1140/epjc/s10052-015-3439-0",
      eprint         = "1410.2794",
      archivePrefix  = "arXiv",
      primaryClass   = "hep-ph",
      SLACcitation   = "%%CITATION = ARXIV:1410.2794;%%"
}

@article{hhFeasibility1_LHC,
      author         = "Ferreira de Lima, Danilo Enoque and Papaefstathiou,
                        Andreas and Spannowsky, Michael",
      title          = "{Standard model Higgs boson pair production in the ( $
                        b\overline{b} $ )( $ b\overline{b} $ ) final state}",
      journal        = "JHEP",
      volume         = "08",
      year           = "2014",
      pages          = "030",
      doi            = "10.1007/JHEP08(2014)030",
      eprint         = "1404.7139",
      archivePrefix  = "arXiv",
      primaryClass   = "hep-ph",
      SLACcitation   = "%%CITATION = ARXIV:1404.7139;%%"
}

@misc{FCCEventProducer,
  author = {{FCC-hh study group}},
  title = {EventProducer},
  year = {2018},
  publisher = {GitHub},
  journal = {GitHub repository},
  howpublished = {\url{https://github.com/FCC-hh-framework/EventProducer}},
}

@misc{FCCSW,
  author = {{FCC study group}},
  title = {FCCSW},
  year = {2018},
  publisher = {GitHub},
  journal = {GitHub repository},
  howpublished = {\url{https://github.com/HEP-FCC/FCCSW}},
}

@article{gaudi,
      author         = "Barrand, G. and others",
      title          = "{GAUDI - A software architecture and framework for
                        building HEP data processing applications}",
      journal        = "Comput. Phys. Commun.",
      volume         = "140",
      year           = "2001",
      pages          = "45-55",
      doi            = "10.1016/S0010-4655(01)00254-5",
      SLACcitation   = "%%CITATION = CPHCB,140,45;%%"
}

@article{Wdiscovery,
      author         = "Arnison, G. and others",
      title          = "{Experimental Observation of Isolated Large Transverse
                        Energy Electrons with Associated Missing Energy at
                        s**(1/2) = 540-GeV}",
      booktitle      = "{30 years of weak neutral currents}",
      collaboration  = "UA1",
      journal        = "Phys. Lett.",
      volume         = "B122",
      year           = "1983",
      pages          = "103-116",
      doi            = "10.1016/0370-2693(83)91177-2",
      note           = "[,611(1983)]",
      reportNumber   = "CERN-EP-83-13",
      SLACcitation   = "%%CITATION = PHLTA,B122,103;%%"
}

@article{Zdiscovery,
      author         = "Arnison, G. and others",
      title          = "{Experimental Observation of Lepton Pairs of Invariant
                        Mass Around 95-GeV/c**2 at the CERN SPS Collider}",
      booktitle      = "{30 years of weak neutral currents}",
      collaboration  = "UA1",
      journal        = "Phys. Lett.",
      volume         = "B126",
      year           = "1983",
      pages          = "398-410",
      doi            = "10.1016/0370-2693(83)90188-0",
      note           = "[,7.55(1983)]",
      reportNumber   = "CERN-EP-83-73",
      SLACcitation   = "%%CITATION = PHLTA,B126,398;%%"
}

@article{Glashow-Weinberg-Salam,
      author         = "Bilenky, Samoil M. and Hosek, J.",
      title          = "{GLASHOW-WEINBERG-SALAM THEORY OF ELECTROWEAK
                        INTERACTIONS AND THE NEUTRAL CURRENTS}",
      journal        = "Phys. Rept.",
      volume         = "90",
      year           = "1982",
      pages          = "73-157",
      doi            = "10.1016/0370-1573(82)90016-3",
      SLACcitation   = "%%CITATION = PRPLC,90,73;%%"
}

@article{QCD,
      author         = "Marciano, William J. and Pagels, H.",
      title          = "{QUANTUM CHROMODYNAMICS}",
      journal        = "Nature",
      volume         = "279",
      year           = "1979",
      pages          = "479-483",
      doi            = "10.1038/279479a0",
      SLACcitation   = "%%CITATION = NATUA,279,479;%%"
}

@article{ATLAS_LAr_TDR,
      title          = "{ATLAS liquid argon calorimeter: Technical design
                        report}",
      collaboration  = "ATLAS",
      year           = "1996",
      reportNumber   = "CERN-LHCC-96-41",
      SLACcitation   = "%%CITATION = CERN-LHCC-96-41;%%"
}

@article{CMS_VH2bb,
      author         = "CMS Collaboration",
      title          = "{Search for Higgs Boson in VH Production with H to bb}",
      collaboration  = "CMS",
      year           = "2011",
      reportNumber   = "CMS-PAS-HIG-11-031",
      SLACcitation   = "%%CITATION = CMS-PAS-HIG-11-031;%%"
}

@article{CMSh2bb,
	title = "Evidence for the Higgs boson decay to a bottom quark–antiquark pair",
	journal = "Physics Letters B",
	volume = "780",
	pages = "501 - 532",
	year = "2018",
	issn = "0370-2693",
	doi = "https://doi.org/10.1016/j.physletb.2018.02.050",
	url = "http://www.sciencedirect.com/science/article/pii/S0370269318301618",
	keywords = "CMS, Physics, Higgs"
}

@article{CMSh2tautau,
      author         = "Sirunyan, Albert M and others",
      title          = "{Observation of the Higgs boson decay to a pair of $\tau$
                        leptons with the CMS detector}",
      collaboration  = "CMS",
      journal        = "Phys. Lett.",
      volume         = "B779",
      year           = "2018",
      pages          = "283-316",
      doi            = "10.1016/j.physletb.2018.02.004",
      eprint         = "1708.00373",
      archivePrefix  = "arXiv",
      primaryClass   = "hep-ex",
      reportNumber   = "CMS-HIG-16-043, CERN-EP-2017-181",
      SLACcitation   = "%%CITATION = ARXIV:1708.00373;%%"
}


@article{CMStth,
      author         = "Sirunyan, Albert M and others",
      title          = "{Observation of $\mathrm{t\overline{t}}$H production}",
      collaboration  = "CMS",
      journal        = "Phys. Rev. Lett.",
      volume         = "120",
      year           = "2018",
      pages          = "231801",
      doi            = "10.1103/PhysRevLett.120.231801",
      eprint         = "1804.02610",
      archivePrefix  = "arXiv",
      primaryClass   = "hep-ex",
      reportNumber   = "CMS-HIG-17-035, CERN-EP-2018-064, CMS-HIG-17-035,
                        CERN-EP-2018-064",
      SLACcitation   = "%%CITATION = ARXIV:1804.02610;%%"
}

@techreport{ATLAShMass,
      title         = "{Measurement of the Higgs boson mass in the $H\rightarrow
                       ZZ^*\rightarrow 4\ell$ and $H\rightarrow\gamma\gamma$
                       channels with $\sqrt{s}$=13TeV $pp$ collisions using the
                       ATLAS detector}",
      institution   = "CERN",
      collaboration = "ATLAS Collaboration",
      address       = "Geneva",
      number        = "ATLAS-CONF-2017-046",
      month         = "Jul",
      year          = "2017",
      reportNumber  = "ATLAS-CONF-2017-046",
      url           = "http://cds.cern.ch/record/2273853",
}

@article{hMass,
      author         = "Aad, Georges and others",
      title          = "{Combined Measurement of the Higgs Boson Mass in $pp$
                        Collisions at $\sqrt{s}=7$ and 8 TeV with the ATLAS and
                        CMS Experiments}",
      collaboration  = "ATLAS, CMS",
      journal        = "Phys. Rev. Lett.",
      volume         = "114",
      year           = "2015",
      pages          = "191803",
      doi            = "10.1103/PhysRevLett.114.191803",
      eprint         = "1503.07589",
      archivePrefix  = "arXiv",
      primaryClass   = "hep-ex",
      reportNumber   = "ATLAS-HIGG-2014-14, CMS-HIG-14-042, CERN-PH-EP-2015-075",
      SLACcitation   = "%%CITATION = ARXIV:1503.07589;%%"
}

@article{ATLASwMass,
      author         = "Aaboud, Morad and others",
      title          = "{Measurement of the $W$-boson mass in pp collisions at
                        $\sqrt{s}=7$ TeV with the ATLAS detector}",
      collaboration  = "ATLAS",
      journal        = "Eur. Phys. J.",
      volume         = "C78",
      year           = "2018",
      number         = "2",
      pages          = "110",
      doi            = "10.1140/epjc/s10052-017-5475-4",
      eprint         = "1701.07240",
      archivePrefix  = "arXiv",
      primaryClass   = "hep-ex",
      reportNumber   = "CERN-EP-2016-305",
      SLACcitation   = "%%CITATION = ARXIV:1701.07240;%%"
}

@article{ATLAStopMass,
      author         = "Nisius, Richard",
      title          = "{Measurements of the top quark mass with the ATLAS
                        detector}",
      booktitle      = "{Proceedings, 2017 European Physical Society Conference
                        on High Energy Physics (EPS-HEP 2017): Venice, Italy, July
                        5-12, 2017}",
      collaboration  = "ATLAS",
      journal        = "PoS",
      volume         = "EPS-HEP2017",
      year           = "2017",
      pages          = "453",
      doi            = "10.22323/1.314.0453",
      eprint         = "1709.09845",
      archivePrefix  = "arXiv",
      primaryClass   = "hep-ex",
      SLACcitation   = "%%CITATION = ARXIV:1709.09845;%%"
}

@techreport{CMStopMass,
      title         = "{Measurement of the top quark mass with muon+jets final
                       states in pp collisions at $\sqrt{s}=13~\mathrm{TeV}$}",
      institution   = "CERN",
      collaboration = "CMS Collaboration",
      address       = "Geneva",
      number        = "CMS-PAS-TOP-16-022",
      year          = "2017",
      reportNumber  = "CMS-PAS-TOP-16-022",
      url           = "http://cds.cern.ch/record/2255834",
}

@article{Nsubjetiness,
      author         = "Thaler, Jesse and Van Tilburg, Ken",
      title          = "{Identifying Boosted Objects with N-subjettiness}",
      journal        = "JHEP",
      volume         = "03",
      year           = "2011",
      pages          = "015",
      doi            = "10.1007/JHEP03(2011)015",
      eprint         = "1011.2268",
      archivePrefix  = "arXiv",
      primaryClass   = "hep-ph",
      reportNumber   = "MIT-CTP-4191",
      SLACcitation   = "%%CITATION = ARXIV:1011.2268;%%"
}

@article{BDRS,
      author         = "Butterworth, Jonathan M. and Davison, Adam R. and Rubin,
                        Mathieu and Salam, Gavin P.",
      title          = "{Jet substructure as a new Higgs search channel at the
                        LHC}",
      journal        = "Phys. Rev. Lett.",
      volume         = "100",
      year           = "2008",
      pages          = "242001",
      doi            = "10.1103/PhysRevLett.100.242001",
      eprint         = "0802.2470",
      archivePrefix  = "arXiv",
      primaryClass   = "hep-ph",
      SLACcitation   = "%%CITATION = ARXIV:0802.2470;%%"
}

@book{FCCyellow,
      author        = "Mangano, Michelangelo",
      title         = "{Physics at the FCC-hh, a 100 TeV pp collider}",
      publisher     = "CERN",
      address       = "Geneva",
      series        = "CERN Yellow Reports: Monographs",
      year          = "2017",
      reportNumber  = "arXiv:1710.06353",
      url           = "https://cds.cern.ch/record/2270978",
}

@article{SMdiv,
  author={Julia Woithe and Gerfried J Wiener and Frederik F Van der Veken},
  title={Let’s have a coffee with the Standard Model of particle physics!},
  journal={Physics Education},
  volume={52},
  number={3},
  pages={034001},
  url={http://stacks.iop.org/0031-9120/52/i=3/a=034001},
  year={2017},
  abstract={The Standard Model of particle physics is one of the most successful theories in physics and describes the fundamental interactions between elementary particles. It is encoded in a compact description, the so-called ‘Lagrangian’, which even fits on t-shirts and coffee mugs. This mathematical formulation, however, is complex and only rarely makes it into the physics classroom. Therefore, to support high school teachers in their challenging endeavour of introducing particle physics in the classroom, we provide a qualitative explanation of the terms of the Lagrangian and discuss their interpretation based on associated Feynman diagrams.}
}

@article{ATLAStth,
      author         = "Aaboud, Morad and others",
      title          = "{Observation of Higgs boson production in association
                        with a top quark pair at the LHC with the ATLAS detector}",
      collaboration  = "ATLAS",
      year           = "2018",
      eprint         = "1806.00425",
      archivePrefix  = "arXiv",
      primaryClass   = "hep-ex",
      reportNumber   = "CERN-EP-2018-138, CERN-EP-2018-138",
      SLACcitation   = "%%CITATION = ARXIV:1806.00425;%%"
}

@techreport{ATLAShh2bbAA_HL,
      title         = "{Study of the double Higgs production channel
                       $H(\rightarrow b\bar{b})H(\rightarrow \gamma\gamma)$ with
                       the ATLAS experiment at the HL-LHC}",
      institution   = "CERN",
      collaboration = "ATLAS Collaboration",
      address       = "Geneva",
      number        = "ATL-PHYS-PUB-2017-001",
      month         = "Jan",
      year          = "2017",
      reportNumber  = "ATL-PHYS-PUB-2017-001",
      url           = "https://cds.cern.ch/record/2243387",
}

@techreport{CMShh2bbAA_HL,
      title         = "{Higgs pair production at the High Luminosity LHC}",
      institution   = "CERN",
      collaboration = "CMS Collaboration",
      address       = "Geneva",
      number        = "CMS-PAS-FTR-15-002",
      year          = "2015",
      reportNumber  = "CMS-PAS-FTR-15-002",
      url           = "https://cds.cern.ch/record/2063038",
}

@article{PDG2016,
      author         = "Patrignani, C. and others",
      title          = "{Review of Particle Physics}",
      collaboration  = "Particle Data Group",
      journal        = "Chin. Phys.",
      volume         = "C40",
      year           = "2016",
      number         = "10",
      pages          = "100001",
      doi            = "10.1088/1674-1137/40/10/100001",
      SLACcitation   = "%%CITATION = CHPHD,C40,100001;%%"
}

@article{Feynrules,
      author         = "Christensen, Neil D. and Duhr, Claude",
      title          = "{FeynRules - Feynman rules made easy}",
      journal        = "Comput. Phys. Commun.",
      volume         = "180",
      year           = "2009",
      pages          = "1614-1641",
      doi            = "10.1016/j.cpc.2009.02.018",
      eprint         = "0806.4194",
      archivePrefix  = "arXiv",
      primaryClass   = "hep-ph",
      reportNumber   = "MSUHEP-080616, CP3-08-20",
      SLACcitation   = "%%CITATION = ARXIV:0806.4194;%%"
}

@inproceedings{2HDMdata,
      author         = "Ferreira, P. M. and Santos, Rui and Sher, Marc and Silva,
                        Joao P.",
      title          = "{2HDM confronting LHC data}",
      booktitle      = "{Proceedings, 48th Rencontres de Moriond on QCD and High
                        Energy Interactions: La Thuile, Italy, March 9-16, 2013}",
      url            = "https://inspirehep.net/record/1234236/files/arXiv:1305.4587.pdf",
      year           = "2013",
      pages          = "67-70",
      eprint         = "1305.4587",
      archivePrefix  = "arXiv",
      primaryClass   = "hep-ph",
      SLACcitation   = "%%CITATION = ARXIV:1305.4587;%%"
}

@article{EnglertBrout,
      author         = "Englert, F. and Brout, R.",
      title          = "{Broken Symmetry and the Mass of Gauge Vector Mesons}",
      journal        = "Phys. Rev. Lett.",
      volume         = "13",
      year           = "1964",
      pages          = "321-323",
      doi            = "10.1103/PhysRevLett.13.321",
      note           = "[,157(1964)]",
      SLACcitation   = "%%CITATION = PRLTA,13,321;%%"
}

@article{Higgs,
      author         = "Higgs, Peter W.",
      title          = "{Broken Symmetries and the Masses of Gauge Bosons}",
      journal        = "Phys. Rev. Lett.",
      volume         = "13",
      year           = "1964",
      pages          = "508-509",
      doi            = "10.1103/PhysRevLett.13.508",
      note           = "[,160(1964)]",
      SLACcitation   = "%%CITATION = PRLTA,13,508;%%"
}

@article{Guralnik,
      author         = "Guralnik, G. S. and Hagen, C. R. and Kibble, T. W. B.",
      title          = "{Global Conservation Laws and Massless Particles}",
      journal        = "Phys. Rev. Lett.",
      volume         = "13",
      year           = "1964",
      pages          = "585-587",
      doi            = "10.1103/PhysRevLett.13.585",
      note           = "[,162(1964)]",
      SLACcitation   = "%%CITATION = PRLTA,13,585;%%"
}

@article{Weinberg,
      author         = "Weinberg, Steven",
      title          = "{A Model of Leptons}",
      journal        = "Phys. Rev. Lett.",
      volume         = "19",
      year           = "1967",
      pages          = "1264-1266",
      doi            = "10.1103/PhysRevLett.19.1264",
      SLACcitation   = "%%CITATION = PRLTA,19,1264;%%"
}

@article{Salam,
      author         = "Salam, Abdus",
      title          = "{Weak and Electromagnetic Interactions}",
      booktitle      = "{8th Nobel Symposium Lerum, Sweden, May 19-25, 1968}",
      journal        = "Conf. Proc.",
      volume         = "C680519",
      year           = "1968",
      pages          = "367-377",
      SLACcitation   = "%%CITATION = CONFP,C680519,367;%%"
}

@article{Nambu-Jona-Lasinio,
      author         = "Nambu, Yoichiro and Jona-Lasinio, G.",
      title          = "{Dynamical Model of Elementary Particles Based on an
                        Analogy with Superconductivity. 1.}",
      journal        = "Phys. Rev.",
      volume         = "122",
      year           = "1961",
      pages          = "345-358",
      doi            = "10.1103/PhysRev.122.345",
      note           = "[,127(1961)]",
      SLACcitation   = "%%CITATION = PHRVA,122,345;%%"
}

@thesis{rute,
      author        = "Costa Batalha Pedro, Rute and Maneira, José and Conde
                       Muiño, Patricia",
      title         = "{Search for the Higgs boson at ATLAS/LHC in WH associated
                       production and decay to b  quark pairs}",
      month         = "Apr",
      year          = "2017",
      reportNumber  = "CERN-THESIS-2017-308",
      url           = "https://cds.cern.ch/record/2304102",
      note          = "Presented 09 Nov 2017",
}

@article{hhBSMsusy,
      author         = "Huang, Peisi and Joglekar, Aniket and Li, Min and Wagner,
                        Carlos E. M.",
      title          = "{Corrections to di-Higgs boson production with light
                        stops and modified Higgs couplings}",
      journal        = "Phys. Rev.",
      volume         = "D97",
      year           = "2018",
      number         = "7",
      pages          = "075001",
      doi            = "10.1103/PhysRevD.97.075001",
      eprint         = "1711.05743",
      archivePrefix  = "arXiv",
      primaryClass   = "hep-ph",
      reportNumber   = "EFI-17-23",
      SLACcitation   = "%%CITATION = ARXIV:1711.05743;%%"
}

@article{hhBSMgrav,
      author         = "Sun, Hao and Zhou, Ya-Jin and Chen, He",
      title          = "{Constraints on large-extra-dimensions model through
                        125-GeV Higgs pair production at the LHC}",
      journal        = "Eur. Phys. J.",
      volume         = "C72",
      year           = "2012",
      pages          = "2011",
      doi            = "10.1140/epjc/s10052-012-2011-4",
      eprint         = "1211.5197",
      archivePrefix  = "arXiv",
      primaryClass   = "hep-ph",
      SLACcitation   = "%%CITATION = ARXIV:1211.5197;%%"
}

@article{fastjet,
      author         = "Cacciari, Matteo and Salam, Gavin P. and Soyez, Gregory",
      title          = "{FastJet User Manual}",
      journal        = "Eur. Phys. J.",
      volume         = "C72",
      year           = "2012",
      pages          = "1896",
      doi            = "10.1140/epjc/s10052-012-1896-2",
      eprint         = "1111.6097",
      archivePrefix  = "arXiv",
      primaryClass   = "hep-ph",
      reportNumber   = "CERN-PH-TH-2011-297",
      SLACcitation   = "%%CITATION = ARXIV:1111.6097;%%"
}

@article{FCC_HCALgran_doubleK,
      author         = "Chekanov, S. V. and Beydler, M. and Kotwal, A. V. and
                        Gray, L. and Sen, S. and Tran, N. V. and Yu, S. -S. and
                        Zuzelski, J.",
      title          = "{Initial performance studies of a general-purpose
                        detector for multi-TeV physics at a 100 TeV pp collider}",
      journal        = "JINST",
      volume         = "12",
      year           = "2017",
      number         = "06",
      pages          = "P06009",
      doi            = "10.1088/1748-0221/12/06/P06009",
      eprint         = "1612.07291",
      archivePrefix  = "arXiv",
      primaryClass   = "hep-ex",
      reportNumber   = "FERMILAB-PUB-16-596-PPD, ANL-HEP-132458,
                        FERMILAB-PUB-17-064-CMS-E",
      SLACcitation   = "%%CITATION = ARXIV:1612.07291;%%"
}

@unpublished{FCCweek2016,
title= "{Simulation of a high-granular hadronic calorimeter for multi-TeV physics}",
author = {S. Chekanov},
year = {2016},
note= {FCC week 2016},
URL= \url{https://indico.cern.ch/event/438866/contributions/1085149/attachments/1256884/1855819/FCCweek_2016_Rome_April.pdf},
}

@unpublished{BOOST2017,
title= "{Boosted jets in high-granularity calorimeter at a 100 TeV pp collider}",
author = {S. Chekanov},
year = {2017},
note= {BOOST 2017},
URL= \url{https://indico.cern.ch/event/579660/contributions/2575089/attachments/1495811/2327298/BOOST2017_hcal.pdf},
}

@unpublished{FCCweek2015,
title= "{Physics requirements for a Hadron Calorimeter for a 100 TeV proton-proton collider}",
author = {S. Chekanov},
year = {2015},
note= {FCC week 2015},
URL= \url{https://indico.cern.ch/event/340703/contributions/802259/attachments/668834/919361/PhysicsRequirementsFCC_2015DC.pdf},
}

@article{wu,
  title = {Experimental Test of Parity Conservation in Beta Decay},
  author = {Wu, C. S. and Ambler, E. and Hayward, R. W. and Hoppes, D. D. and Hudson, R. P.},
  journal = {Phys. Rev.},
  volume = {105},
  issue = {4},
  pages = {1413--1415},
  numpages = {0},
  year = {1957},
  month = {Feb},
  publisher = {American Physical Society},
  doi = {10.1103/PhysRev.105.1413},
  url = {https://link.aps.org/doi/10.1103/PhysRev.105.1413}
}

@article{goldhaber,
  title = {Helicity of Neutrinos},
  author = {Goldhaber, M. and Grodzins, L. and Sunyar, A. W.},
  journal = {Phys. Rev.},
  volume = {109},
  issue = {3},
  pages = {1015--1017},
  numpages = {0},
  year = {1958},
  month = {Feb},
  publisher = {American Physical Society},
  doi = {10.1103/PhysRev.109.1015},
  url = {https://link.aps.org/doi/10.1103/PhysRev.109.1015}
}

@article{gluon,
      author         = "Bartel, W. and others",
      title          = "{Observation of Planar Three Jet Events in e+ e-
                        Annihilation and Evidence for Gluon Bremsstrahlung}",
      collaboration  = "JADE",
      journal        = "Phys. Lett.",
      volume         = "91B",
      year           = "1980",
      pages          = "142-147",
      doi            = "10.1016/0370-2693(80)90680-2",
      reportNumber   = "DESY-79-80",
      SLACcitation   = "%%CITATION = PHLTA,91B,142;%%"
}

@article{gluon1,
title = "Evidence for planar events in e+e− annihilation at high energies",
journal = "Physics Letters B",
volume = "86",
number = "2",
pages = "243 - 249",
year = "1979",
issn = "0370-2693",
doi = "https://doi.org/10.1016/0370-2693(79)90830-X",
url = "http://www.sciencedirect.com/science/article/pii/037026937990830X",
author = "R. Brandelik and W. Braunschweig and K. Gather and V. Kadansky and K. Lübelsmeyer and P. Mättig and H.-U. Martyn and G. Peise and J. Rimkus and H.G. Sander and D. Schmitz and A. Schultz von Dratzig and D. Trines and W. Wallraff and H. Boerner and H.M. Fischer and H. Hartmann and E. Hilger and W. Hillen and G. Knop and W. Korbach and P. Leu and B. Löhr and F. Roth and W. Rühmer and R. Wedemeyer and N. Wermes and M. Wollstadt and R. Bühring and R. Fohrmann and D. Heyland and H. Hultschig and P. Joos and W. Koch and U. Kötz and H. Kowalski and A. Ladage and D. Lüke and H.L. Lynch and G. Mikenberg and D. Notz and J. Pyrlik and R. Riethmüller and M. Schliwa and P. S̈oding and B.H. Wiik and G. Wolf and M. Holder and G. Poelz and J. Ringel and O. Römer and R. Rüsch and P. Schmüser and D.M. Binnie and P.J. Dornan and N.A. Downie and D.A. Garbutt and W.G. Jones and S.L. Lloyd and D. Pandoulas and A. Pevsner and J. Sedgebeer and S. Yarker and C. Youngman and R.J. Barlow and R.J. Cashmore and J. Illingworth and M. Ogg and G.L. Salmon and K.W. Bell and W. Chinowsky and B. Foster and J.C. Hart and J. Proudfoot and D.R. Quarrie and D.H. Saxon and P.L. Woodworth and Y. Eisenberg and U. Karshon and E. Kogan and D. Revel and E. Ronat and A. Shapira and J. Freeman and P. Lecomte and T. Meyer and Lan Wu Sau and G. Zobernig"
}

@techreport{btagATLAS,
      title         = "{Optimisation of the ATLAS $b$-tagging performance for the
                       2016 LHC Run}",
      institution   = "CERN",
      collaboration = "ATLAS Collaboration",
      address       = "Geneva",
      number        = "ATL-PHYS-PUB-2016-012",
      month         = "Jun",
      year          = "2016",
      reportNumber  = "ATL-PHYS-PUB-2016-012",
      url           = "https://cds.cern.ch/record/2160731",
}

@techreport{run2trigger,
      author        = "Ruiz-Martinez, Aranzazu and ATLAS Collaboration",
      title         = "{The Run-2 ATLAS Trigger System}",
      institution   = "CERN",
      address       = "Geneva",
      number        = "ATL-DAQ-PROC-2016-003",
      month         = "Feb",
      year          = "2016",
      reportNumber  = "ATL-DAQ-PROC-2016-003",
      url           = "https://cds.cern.ch/record/2133909",
}

@article{PF1,
      author         = "Buskulic, D. and others",
      title          = "{Performance of the ALEPH detector at LEP}",
      collaboration  = "ALEPH",
      journal        = "Nucl. Instrum. Meth.",
      volume         = "A360",
      year           = "1995",
      pages          = "481-506",
      doi            = "10.1016/0168-9002(95)00138-7",
      reportNumber   = "CERN-PPE-94-170, FSU-SCRI-95-70",
      SLACcitation   = "%%CITATION = NUIMA,A360,481;%%"
}

@techreport{PF2,
      title         = "{Particle-Flow Event Reconstruction in CMS and Performance
                       for Jets, Taus, and MET}",
      institution   = "CERN",
      collaboration = "CMS Collaboration",
      address       = "Geneva",
      number        = "CMS-PAS-PFT-09-001",
      month         = "Apr",
      year          = "2009",
      reportNumber  = "CMS-PAS-PFT-09-001",
      url           = "http://cds.cern.ch/record/1194487",
}

@article{FW2,
      author         = "Chen, Chunhui",
      title          = "{New approach to identifying boosted
                        hadronically-decaying particle using jet substructure in
                        its center-of-mass frame}",
      journal        = "Phys. Rev.",
      volume         = "D85",
      year           = "2012",
      pages          = "034007",
      doi            = "10.1103/PhysRevD.85.034007",
      eprint         = "1112.2567",
      archivePrefix  = "arXiv",
      primaryClass   = "hep-ph",
      SLACcitation   = "%%CITATION = ARXIV:1112.2567;%%"
}
